<record><leader>02164cam a2200421 i 4500</leader><controlfield tag="001">6677704</controlfield><controlfield tag="003">FlBoTFG</controlfield><controlfield tag="005">20140910124938.0</controlfield><controlfield tag="006">m    ||  d |      </controlfield><controlfield tag="007">cr |||</controlfield><controlfield tag="008">140910t20152015fluad   ob    001 0 eng d</controlfield><datafield ind1=" " ind2=" " tag="020"><subfield code="a">9781439836606 (e-book : PDF)</subfield></datafield><datafield ind1=" " ind2=" " tag="035"><subfield code="a">ocn889309896</subfield></datafield><datafield ind1=" " ind2=" " tag="039"><subfield code="a">exclude</subfield></datafield><datafield ind1=" " ind2=" " tag="040"><subfield code="a">FlBoTFG</subfield><subfield code="b">eng</subfield><subfield code="c">FlBoTFG</subfield><subfield code="e">rda</subfield><subfield code="d">AEU</subfield></datafield><datafield ind1=" " ind2="4" tag="050"><subfield code="a">QA276.18</subfield><subfield code="b">.M43 2015</subfield></datafield><datafield ind1="0" ind2=" " tag="082"><subfield code="a">519.5</subfield><subfield code="b">M132</subfield></datafield><datafield ind1=" " ind2=" " tag="090"><subfield code="a">Internet Access</subfield><subfield code="b">AEU</subfield></datafield><datafield ind1="1" ind2=" " tag="100"><subfield code="a">McCrea, Rachel S.,</subfield><subfield code="e">author.</subfield></datafield><datafield ind1="1" ind2="0" tag="245"><subfield code="a">Analysis of capture-recapture data /</subfield><subfield code="c">Rachel S. McCrea and Byron J. T. Morgan, National Centre for Statistical Ecology School of Mathematics, Statistics and Actuarial Science, University of Kent Canterbury, UK.</subfield></datafield><datafield ind1=" " ind2="1" tag="264"><subfield code="a">Boca Raton :</subfield><subfield code="b">CRC Press,</subfield><subfield code="c">[2015]</subfield></datafield><datafield ind1=" " ind2="4" tag="264"><subfield code="c">&#169;2015</subfield></datafield><datafield ind1=" " ind2=" " tag="300"><subfield code="a">1 online resource :</subfield><subfield code="b">text file, PDF</subfield></datafield><datafield ind1=" " ind2=" " tag="336"><subfield code="a">text</subfield><subfield code="2">rdacontent</subfield></datafield><datafield ind1=" " ind2=" " tag="337"><subfield code="a">computer</subfield><subfield code="2">rdamedia</subfield></datafield><datafield ind1=" " ind2=" " tag="338"><subfield code="a">online resource</subfield><subfield code="2">rdacarrier</subfield></datafield><datafield ind1="1" ind2=" " tag="490"><subfield code="a">Chapman &amp; Hall/CRC interdisciplinary statistics series</subfield></datafield><datafield ind1=" " ind2=" " tag="504"><subfield code="a">Includes bibliographical references (pages 243-277) and index.</subfield></datafield><datafield ind1="0" ind2=" " tag="505"><subfield code="a">1. Introduction -- 2. Model fitting, averaging and comparison -- 3. Estimating the size of closed populations -- 4. Survival modelling : single-site models -- 5. Survival modelling : multisite models -- 6. Occupancy modelling -- 7. Covariates and random effects -- 8. Simultaneous estimation of survival and abundance -- 9. Goodness-of-fit assessment -- 10. Parameter redundancy -- 11. State-space models -- 12. Integrated population modelling.</subfield></datafield><datafield ind1=" " ind2=" " tag="506"><subfield code="a">Access restricted to authorized users and institutions.</subfield></datafield><datafield ind1=" " ind2=" " tag="596"><subfield code="a">44</subfield></datafield><datafield ind1=" " ind2="0" tag="650"><subfield code="a">Mathematical statistics</subfield><subfield code="x">Study and teaching (Higher)</subfield></datafield><datafield ind1=" " ind2="0" tag="650"><subfield code="a">Animal populations</subfield><subfield code="x">Estimates</subfield><subfield code="x">Study and teaching (Higher)</subfield></datafield><datafield ind1="1" ind2=" " tag="700"><subfield code="a">Morgan, Byron J. T.,</subfield><subfield code="d">1946- ,</subfield><subfield code="e">author.</subfield></datafield><datafield ind1=" " ind2="0" tag="830"><subfield code="a">Interdisciplinary statistics.</subfield></datafield><datafield ind1="4" ind2="0" tag="856"><subfield code="3">University of Alberta Access</subfield><subfield code="u">http://marc.crcnetbase.com/isbn/9781439836606</subfield><subfield code="z">(Unlimited Concurrent Users)</subfield></datafield><datafield ind1=" " ind2=" " tag="949"><subfield code="h">UAIN</subfield><subfield code="z">CRC</subfield></datafield><datafield ind1=" " ind2=" " tag="926"><subfield code="a">Internet Access</subfield><subfield code="w">LC</subfield><subfield code="c">1</subfield><subfield code="i">6677704-1001</subfield><subfield code="l">INTERNET</subfield><subfield code="m">UAINTERNET</subfield><subfield code="r">Y</subfield><subfield code="s">Y</subfield><subfield code="t">E-RESOURCE</subfield><subfield code="u">9/15/2014</subfield><subfield code="x">E-BOOK</subfield><subfield code="z">CRC</subfield></datafield></record>